@misc{SebLag,
  title = {Algorithms Explained â€“ minimax and alpha-beta pruning},
  author = {Lague, Sebastian},
  note = {\url{https://www.youtube.com/watch?v=l-hh51ncgDI}}
}